@article{adams2017persistence,
  title={Persistence images: A stable vector representation of persistent homology},
  author={Adams, Henry and Emerson, Tegan and Kirby, Michael and Neville, Rachel and Peterson, Chris and Shipman, Patrick and Chepushtanova, Sofya and Hanson, Eric and Motta, Francis and Ziegelmeier, Lori},
  journal={Journal of Machine Learning Research},
  volume={18},
  year={2017}
}

%Un nuovo metodo per la selezione di punti in un diagramma di persistenza (Davide Gurrieri, tAut)

@incollection{ferri2017persistent,
  title={Persistent topology for natural data analysis—A survey},
  author={Ferri, Massimo},
  booktitle={Towards integrative machine learning and knowledge extraction},
  pages={117--133},
  year={2017},
  publisher={Springer}
}

@article{mcinnes2020umap,
  title={UMAP: uniform manifold approximation and projection for dimension reduction},
  author={McInnes, Leland and Healy, John and Melville, James},
  year={2020}
}

@article{ROBLESGUERRERO201969,
title = {Analysis of a multiclass classification problem by Lasso Logistic Regression and Singular Value Decomposition to identify sound patterns in queenless bee colonies},
journal = {Computers and Electronics in Agriculture},
volume = {159},
pages = {69-74},
year = {2019},
issn = {0168-1699},
doi = {https://doi.org/10.1016/j.compag.2019.02.024},
url = {https://www.sciencedirect.com/science/article/pii/S0168169918313267},
author = {Antonio Robles-Guerrero and Tonatiuh Saucedo-Anaya and Efrén González-Ramírez and José Ismael {De la Rosa-Vargas}},
keywords = {Queenless state, Beehive monitoring, Bee sound, Sound analysis},
abstract = {This study presents an analysis of a multiclass classification problem to identify queenless states by monitoring bee sound in two possible cases; a strong and healthy colony that lost its queen and a reduced population queenless colony. The sound patterns were compared with patterns of healthy queenright colonies. Five colonies of Carniola honey bee were monitored by using a system based on a Raspberry Pi 2 and omnidirectional microphones placed inside the hives. Feature extraction was carried out by Mel Frequency Cepstral Coefficients (MFCCs) method. A multiclass model with three outcome variables was constructed. For feature selection and regularization, a Lasso logistic Regression model was used along with one vs all strategy. To provide visual evidence and examine the results, data was analyzed by scatter plots of Singular Value Decomposition (SVD). The results show that is possible to detect the queenless state in both cases. Queenless or healthy colonies can generate slightly different patterns and the data clusters of the same condition tend to be close. The proposed methodology can be applied for the analysis of more conditions in bee colonies.}
}

@inproceedings{ferri1998point,
  title={Point selection: A new comparison scheme for size functions (with an application to monogram recognition)},
  author={Ferri, Massimo and Frosini, Patrizio and Lovato, Alberto and Zambelli, Chiara},
  booktitle={Asian Conference on Computer Vision},
  pages={329--337},
  year={1998},
  organization={Springer}
}
@inproceedings{donatini1998size,
  title={Size functions for signature recognition},
  author={Donatini, Pietro and Frosini, Patrizio and Lovato, Alberto},
  booktitle={Vision Geometry VII},
  volume={3454},
  pages={178--183},
  year={1998},
  organization={International Society for Optics and Photonics}
}

@phdthesis{amslaurea14677,
           title = {Recupero di immagini dermatologiche mediante persistenza e formule di Vi{\`e}te},
          author = {Alessia Angeli},
        keywords = {recupero immagini dermatologiche diagrammi persistenza formule Vi{\`e}te distanza polinomi complessi},
        abstract = {L'incidenza del melanoma cutaneo {\`e} in aumento e la prevenzione ed una diagnosi precoce sono fondamentali per evitare che questo diventi pericoloso. Purtroppo per{\`o} la diagnosi clinica di melanoma {\`e} generalmente difficoltosa ed {\`e} condizionata direttamente dall'esperienza del medico. Quindi un'analisi computerizzata pu{\`o} rivelarsi un valido strumento di supporto in questo ambito.Da qualche anno {\`e} in fase di realizzazione un progetto per la costruzione di una macchina per il supporto medico nell'individuazione di lesioni melanocitiche. Un aspetto fondamentale {\`e} che, con tale macchina, non si vuole assolutamente fornire una diagnosi che possa sostituire quella del dermatologo, ma si vuole cercare di agevolare il lavoro di quest'ultimo. Il principio che sta alla base del funzionamento di tale macchina sfrutta principalmente la teoria dell'omologia persistente. In questo progetto di tesi si {\`e} modificato l'algoritmo che attualmente {\`e} presente all'interno della macchina. In particolare {\`e} stata presa in esame la parte di algoritmo in cui vengono calcolate le distanze tra le diverse immagini del database con l'obiettivo di ridurre il tempo di esecuzione del programma al fine di riuscire a lavorare con database di maggiori dimensioni. Con il nuovo algoritmo si cerca inoltre di tralasciare meno informazioni possibili dalle immagini che vengono analizzate. Attualmente queste distanze vengono calcolate utilizzando la distanza di bottleneck tra diagrammi di persistenza relativi rispettivamente alle immagini che si stanno considerando, data una certa funzione filtrante. Nel nuovo algoritmo, invece, verranno costruiti dei polinomi complessi relativi a tali diagrammi di persistenza e le distanze saranno calcolate come distanze tra i coefficienti di tali polinomi.},
             url = {http://amslaurea.unibo.it/14677/}
}

@article{tzanetakis2002musical,
  title={Musical genre classification of audio signals},
  author={Tzanetakis, George and Cook, Perry},
  journal={IEEE Transactions on speech and audio processing},
  volume={10},
  number={5},
  pages={293--302},
  year={2002},
  publisher={IEEE}
}

@article{scheirer1998tempo,
  title={Tempo and beat analysis of acoustic musical signals},
  author={Scheirer, Eric D},
  journal={The Journal of the Acoustical Society of America},
  volume={103},
  number={1},
  pages={588--601},
  year={1998},
  publisher={Acoustical Society of America}
}

@article{castellon2021codified,
  title={Codified audio language modeling learns useful representations for music information retrieval},
  author={Castellon, Rodrigo and Donahue, Chris and Liang, Percy},
  journal={arXiv preprint arXiv:2107.05677},
  year={2021}
}

@inproceedings{bergomi2016towards,
  title={Towards a topological fingerprint of music},
  author={Bergomi, Mattia G and Barat{\`e}, Adriano and Di Fabio, Barbara},
  booktitle={International Workshop on Computational Topology in Image Context},
  pages={88--100},
  year={2016},
  organization={Springer}
}

@phdthesis{bergomi2015dynamical,
  title={Dynamical and topological tools for (modern) music analysis},
  author={Bergomi, Mattia Giuseppe},
  year={2015},
  school={Universit{\`a} degli Studi di Milano; Universit{\'e} Pierre et Marie Curie}
}

@inproceedings{logan2000mel,
  title={Mel frequency cepstral coefficients for music modeling},
  author={Logan, Beth},
  booktitle={In International Symposium on Music Information Retrieval},
  year={2000},
  organization={Citeseer}
}

@article{davis1980comparison,
  title={Comparison of parametric representations for monosyllabic word recognition in continuously spoken sentences},
  author={Davis, Steven and Mermelstein, Paul},
  journal={IEEE transactions on acoustics, speech, and signal processing},
  volume={28},
  number={4},
  pages={357--366},
  year={1980},
  publisher={IEEE}
}

@misc{bworld,
  author = {Vito Lavecchia},
  title = {{Mel Frequency Cepstral Coefficient (MFCC) – Guidebook}},
  howpublished = "\url{https://vitolavecchia.altervista.org/mel-frequency-cepstral-coefficient-mfcc-guidebook/}",
  year = {2020}
}

@article{khayam2003discrete,
  title={The discrete cosine transform (DCT): theory and application},
  author={Khayam, Syed Ali},
  journal={Michigan State University},
  volume={114},
  pages={1--31},
  year={2003},
  publisher={Citeseer}
}

@article{anastasi2012trattato,
  title={Trattato di Anatomia Umana, vol. III},
  author={Anastasi, G and Balboni, G and Motta, P},
  journal={Milan, Italy: Ermes},
  year={2012}
}

@misc{bworld,
  author = {Massimo Ferri},
  title = {{L’incredibile ubiquità della topologia persistente}},
  howpublished = "\url{http://maddmaths.simai.eu/divulgazione/focus/lincredibile-ubiquita-della-topologia-persistente/}",
  year = {2016}
}

@book{rotman2013introduction,
  title={An introduction to algebraic topology},
  author={Rotman, Joseph J},
  volume={119},
  year={2013},
  publisher={Springer Science \& Business Media}
}

@book{edelsbrunner2010computational,
  title={Computational topology: an introduction},
  author={Edelsbrunner, Herbert and Harer, John},
  year={2010},
  publisher={American Mathematical Soc.}
}

@article{sturm2013gtzan,
  title={The GTZAN dataset: Its contents, its faults, their effects on evaluation, and its future use},
  author={Sturm, Bob L},
  journal={arXiv preprint arXiv:1306.1461},
  year={2013}
}

@inproceedings{sturm2012analysis,
  title={An analysis of the GTZAN music genre dataset},
  author={Sturm, Bob L},
  booktitle={Proceedings of the second international ACM workshop on Music information retrieval with user-centered and multimodal strategies},
  pages={7--12},
  year={2012}
}

@software{brian_mcfee_2021_4792298,
  author       = {Brian McFee and
                  Alexandros Metsai and
                  Matt McVicar and
                  Stefan Balke and
                  Carl Thomé and
                  Colin Raffel and
                  Frank Zalkow and
                  Ayoub Malek and
                  Dana and
                  Kyungyun Lee and
                  Oriol Nieto and
                  Dan Ellis and
                  Jack Mason and
                  Eric Battenberg and
                  Scott Seyfarth and
                  Ryuichi Yamamoto and
                  viktorandreevichmorozov and
                  Keunwoo Choi and
                  Josh Moore and
                  Rachel Bittner and
                  Shunsuke Hidaka and
                  Ziyao Wei and
                  nullmightybofo and
                  Darío Hereñú and
                  Fabian-Robert Stöter and
                  Pius Friesch and
                  Adam Weiss and
                  Matt Vollrath and
                  Taewoon Kim and
                  Thassilo},
  title        = {librosa/librosa: 0.8.1rc2},
  month        = may,
  year         = 2021,
  publisher    = {Zenodo},
  version      = {0.8.1rc2},
  doi          = {10.5281/zenodo.4792298},
  url          = {https://doi.org/10.5281/zenodo.4792298}
}

@article{angeli2018symmetric,
  title={Symmetric functions for fast image retrieval with persistent homology},
  author={Angeli, Alessia and Ferri, Massimo and Tomba, Ivan},
  journal={Mathematical Methods in the Applied Sciences},
  volume={41},
  number={18},
  pages={9567--9577},
  year={2018},
  publisher={Wiley Online Library}
}

@article{ctralie2018ripser,
    doi = {10.21105/joss.00925},
    url = {https://doi.org/10.21105/joss.00925},
    year  = {2018},
    month = {Sep},
    publisher = {The Open Journal},
    volume = {3},
    number = {29},
    pages = {925},
    author = {Christopher Tralie and Nathaniel Saul and Rann Bar-On},
    title = {{Ripser.py}: A Lean Persistent Homology Library for Python},
    journal = {The Journal of Open Source Software}
}

@article{scikit-learn,
 title={Scikit-learn: Machine Learning in {P}ython},
 author={Pedregosa, F. and Varoquaux, G. and Gramfort, A. and Michel, V.
         and Thirion, B. and Grisel, O. and Blondel, M. and Prettenhofer, P.
         and Weiss, R. and Dubourg, V. and Vanderplas, J. and Passos, A. and
         Cournapeau, D. and Brucher, M. and Perrot, M. and Duchesnay, E.},
 journal={Journal of Machine Learning Research},
 volume={12},
 pages={2825--2830},
 year={2011}
}

@inproceedings{boser1992training,
  title={A training algorithm for optimal margin classifiers},
  author={Boser, Bernhard E and Guyon, Isabelle M and Vapnik, Vladimir N},
  booktitle={Proceedings of the fifth annual workshop on Computational learning theory},
  pages={144--152},
  year={1992}
}

@inproceedings{evgeniou1999support,
  title={Support vector machines: Theory and applications},
  author={Evgeniou, Theodoros and Pontil, Massimiliano},
  booktitle={Advanced Course on Artificial Intelligence},
  pages={249--257},
  year={1999},
  organization={Springer}
}

@Misc{student01_my_bachel,
  key =       {bs},
  author =    {Davide Gurrieri},
  title =     {Un nuovo metodo per la selezione di punti in un diagramma di persistenza},
  howpublished = {Bachelor Thesis},
  year =      2021,
  note =      {Advisors: Prof. Massimo Ferri, Dr. Mattia G. Bergomi },
  annote =    {No BS.}
}

@misc{Manetti20,
  author        = {Marco Manetti},
  title         = {Istituzioni di Algebra e Geometria 2021-22},
  month         = {January},
  year          = {2022},
  note =      {La Sapienza, Rome},
  howpublished = {\url{https://www1.mat.uniroma1.it/people/manetti/Geosup2018/DispenseIAG.pdf}}
}

@article{kurlin2016fast,
  title={A fast persistence-based segmentation of noisy 2D clouds with provable guarantees},
  author={Kurlin, Vitaliy},
  journal={Pattern recognition letters},
  volume={83},
  pages={3--12},
  year={2016},
  publisher={Elsevier}
}

@article{bergomi2020steady,
  title={Steady and ranging sets in graph persistence},
  author={Bergomi, Mattia G and Ferri, Massimo and Tavaglione, Antonella},
  journal={arXiv preprint arXiv:2009.06897},
  year={2020}
}

@article{downie2003music,
  title={Music information retrieval},
  author={Downie, J Stephen},
  journal={Annual review of information science and technology},
  volume={37},
  number={1},
  pages={295--340},
  year={2003}
}